<record><leader>00000cas a2200000 a 4500</leader><controlfield tag="001">13379480</controlfield><controlfield tag="008">860402d18761899pauwr ne      0    0eng d</controlfield><datafield ind1=" " ind2=" " tag="010"><subfield code="a">sn 86063525 </subfield></datafield><datafield ind1=" " ind2=" " tag="040"><subfield code="a">KSH</subfield><subfield code="b">eng</subfield><subfield code="c">KSH</subfield><subfield code="d">NPT</subfield><subfield code="d">NPH</subfield><subfield code="d">OCL</subfield><subfield code="d">OCLCQ</subfield></datafield><datafield ind1=" " ind2=" " tag="042"><subfield code="a">msc</subfield></datafield><datafield ind1="0" ind2="4" tag="245"><subfield code="a">The Millerstown herald.</subfield></datafield><datafield ind1=" " ind2=" " tag="260"><subfield code="a">Millerstown, Butler Co., Pa. :</subfield><subfield code="b">P.A. Rattigan</subfield></datafield><datafield ind1=" " ind2=" " tag="300"><subfield code="a">v. ;</subfield><subfield code="c">61 cm.</subfield></datafield><datafield ind1=" " ind2=" " tag="310"><subfield code="a">Weekly</subfield></datafield><datafield ind1="1" ind2=" " tag="362"><subfield code="a">Began in 1876.</subfield></datafield><datafield ind1="0" ind2=" " tag="362"><subfield code="a">-23rd yr., no. 46 (June 2, 1899).</subfield></datafield><datafield ind1=" " ind2=" " tag="500"><subfield code="a">Published in Chicora, Pa., &lt;1899&gt;.</subfield></datafield><datafield ind1=" " ind2=" " tag="588"><subfield code="a">Description based on: Vol. 7, no. 3 (Jan. 3, 1883).</subfield></datafield><datafield ind1=" " ind2=" " tag="752"><subfield code="a">United States</subfield><subfield code="b">Pennsylvania</subfield><subfield code="c">Butler</subfield><subfield code="d">Millerstown.</subfield></datafield><datafield ind1=" " ind2=" " tag="752"><subfield code="a">United States</subfield><subfield code="b">Pennsylvania</subfield><subfield code="c">Butler</subfield><subfield code="d">Chicora.</subfield></datafield><datafield ind1="0" ind2="7" tag="785"><subfield code="t">Democratic herald (Butler, Pa. : 1882)</subfield><subfield code="w">(DLC)sn 89077585</subfield></datafield><datafield ind1="0" ind2="7" tag="785"><subfield code="t">Butler herald (Butler, Pa.)</subfield><subfield code="w">(DLC)sn 89077090</subfield></datafield><datafield ind1="1" ind2=" " tag="029"><subfield code="a">AU@</subfield><subfield code="b">000022168422</subfield></datafield></record>